@techreport{Buitelaar2003,
author = {Buitelaar, Paul and Cimiano, Philipp and Magnini, Bernardo},
file = {:C$\backslash$:/Users/Luna/AppData/Local/Mendeley Ltd./Mendeley Desktop/Downloaded/Buitelaar, Cimiano, Magnini - 2003 - Ontology Learning from Text An Overview(2).pdf:pdf},
keywords = {Knowledge Acquisition,Ontology Learning,Text Mining},
publisher = {Book Title Book Editors IOS Press},
title = {{Ontology Learning from Text: An Overview}},
url = {http://www-sop.inria.fr/acacia/WORKSHOPS/ECAI2002-OLT/},
year = {2003}
}